% This file was created with JabRef 2.11.1.
% Encoding: Cp1252


@InProceedings{Damala2008,
  Title                    = {Bridging the Gap Between the Digital and the Physical: Design and Evaluation of a Mobile Augmented Reality Guide for the Museum Visit},
  Author                   = {Damala, Areti and Cubaud, Pierre and Bationo, Anne and Houlier, Pascal and Marchal, Isabelle},
  Booktitle                = {Proceedings of the 3rd International Conference on Digital Interactive Media in Entertainment and Arts},
  Year                     = {2008},
  Address                  = {New York, NY, USA},
  Pages                    = {120--127},
  Publisher                = {ACM},
  Series                   = {DIMEA '08},
  Acmid                    = {1413660},
  Doi                      = {10.1145/1413634.1413660},
  Keywords                 = {edutainment, evaluation, mobile augmented reality, museum handheld devices, participatory design},
  Location                 = {Athens, Greece},
  Numpages                 = {8}
}

@InBook{Jung2016,
  Title                    = {Effects of Virtual Reality and Augmented Reality on Visitor Experiences in Museum},
  Author                   = {Jung, Timothy
and tom Dieck, M. Claudia
and Lee, Hyunae
and Chung, Namho},
  Editor                   = {Inversini, Alessandro
and Schegg, Roland},
  Pages                    = {621--635},
  Publisher                = {Springer International Publishing},
  Year                     = {2016},
  Address                  = {Cham},
  Booktitle                = {Information and Communication Technologies in Tourism 2016: Proceedings of the International Conference in Bilbao, Spain, February 2-5, 2016},
  Doi                      = {10.1007/978-3-319-28231-2_45}
}

@InProceedings{Madsen2012,
  Title                    = {Aspects of what makes or breaks a museum AR experience},
  Author                   = {C. B. Madsen and J. B. Madsen and A. Morrison},
  Booktitle                = {2012 IEEE International Symposium on Mixed and Augmented Reality - Arts, Media, and Humanities (ISMAR-AMH)},
  Year                     = {2012},
  Month                    = {Nov},
  Pages                    = {91-92},
  Doi                      = {10.1109/ISMAR-AMH.2012.6483996},
  ISSN                     = {2381-8360},
  Keywords                 = {Animation;Augmented reality;Floors;Games;Tablet computers;Visualization;Augmented Reality;children;edutainment;embodiment;game;iPad;infotainment;museum;visual exploration}
}

@InProceedings{Madsen2013,
  Title                    = {An interactive visualization of the past using a situated simulation approach},
  Author                   = {J. B. Madsen and C. B. Madsen},
  Booktitle                = {2013 Digital Heritage International Congress (DigitalHeritage)},
  Year                     = {2013},
  Month                    = {Oct},
  Pages                    = {307-314},
  Volume                   = {1},
  Doi                      = {10.1109/DigitalHeritage.2013.6743754},
  Keywords                 = {augmented reality;data visualisation;history;mobile computing;museums;3D reconstruction visualization;Denmark;Kolding;application situated location;gyroscope drift;handheld devices;historical church chapel;in-application logging;information transfer;interactive frame-rates;interactive installation;mobile augmented reality development;museum;past interactive visualization;realistic lighting computation;situated simulation approach;Compass;Gyroscopes;Lighting;Solid modeling;Tablet computers;Three-dimensional displays;Visualization}
}

@InProceedings{Rattanarungrot2015,
  Title                    = {The application of service orientation on a mobile AR platform - a museum scenario},
  Author                   = {S. Rattanarungrot and M. White and B. Jackson},
  Booktitle                = {2015 Digital Heritage},
  Year                     = {2015},
  Month                    = {Sept},
  Pages                    = {329-332},
  Volume                   = {1},
  Doi                      = {10.1109/DigitalHeritage.2015.7413894},
  Keywords                 = {Web services;application program interfaces;augmented reality;client-server systems;data aggregation;image reconstruction;mobile computing;museums;public domain software;service-oriented architecture;AR environments;VR environments;Web service providers;closed platform mobile AR applications;content acquisition;content provider;content utilization;data aggregation;digital content representation;flexible mobile AR clients;media API content request;mobile AR platform;mobile augmented reality;open source Web services;saved museum exhibition;service orientation application;service oriented mobile AR architecture;targeted cultural object;targeted cultural object associated media contents;third party API;third party digital media contents;user experience;Cultural differences;Media;Mobile communication;Service-oriented architecture;Solid modeling;Three-dimensional displays;content acquisition and utilization;mobile augmented reality;service oriented mobile AR architecture;web service framework}
}

